@Book{xie2015,
  title = {Dynamic Documents with {R} and knitr},
  author = {Yihui Xie},
  publisher = {Chapman and Hall/CRC},
  address = {Boca Raton, Florida},
  year = {2015},
  edition = {2nd},
  note = {ISBN 978-1498716963},
  url = {http://yihui.name/knitr/},
}

@Book{knitr-book,
    title = {Exploratory Data Analysis with R},
    author = {Roger D. Peng},
    publisher = {This is a Leanpub book},
    year = {2016},
    url = {https://leanpub.com/exdata},
}
